% Encoding: UTF-8

@misc{MORUS,
  title     = {{The Authenticated Cipher MORUS (v2)}},
  author    = {Hongjun Wu and Tao Huang},
  howpublished = {Submitted to CAESAR},
  year      = {2016},
  month    = {September}
}

@misc{CAESAR,
  title     = {{CAESAR Competition}},
  author    = {Daniel Bernstein},
  howpublished = {\url{http://competitions.cr.yp.to/caesar.html}},
  year      = {2013},
}

@misc{cryptoeprint:2017:1137,
    author = {Daniel Kales and Maria Eichlseder and Florian Mendel},
    title = {Note on the Robustness of CAESAR Candidates},
    howpublished = {Cryptology ePrint Archive, Report 2017/1137},
    year = {2017},
}