% Encoding: UTF-8

@misc{MORUS,
  title        = {The Authenticated Cipher {MORUS} (v2)},
  author       = {Hongjun Wu and Tao Huang},
  howpublished = {Submission to CAESAR: Competition for Authenticated Encryption. Security, Applicability, and Robustness (Round 3 and Finalist)},
  year         = {2016},
  month        = {September},
  note         = {\url{http://competitions.cr.yp.to/round3/morusv2.pdf}}
}

@misc{AEGIS,
  title        = {{AEGIS}: {A} Fast Authenticated Encryption Algorithm (v1.1)},
  author       = {Hongjun Wu and Bart Preneel},
  howpublished = {Submission to CAESAR: Competition for Authenticated Encryption. Security, Applicability, and Robustness (Round 3 and Finalist)},
  year         = {2016},
  month        = {September},
  note         = {\url{http://competitions.cr.yp.to/round3/aegisv11.pdf}}
}

@inproceedings{sacryptWuP13,
  author    = {Hongjun Wu and
               Bart Preneel},
  editor    = {Tanja Lange and
               Kristin E. Lauter and
               Petr Lisonek},
  title     = {{AEGIS}: {A} Fast Authenticated Encryption Algorithm},
  booktitle = {Selected Areas in Cryptography -- {SAC} 2013},
  series    = {LNCS},
  volume    = {8282},
  pages     = {185--201},
  publisher = {Springer},
  year      = {2013},
  doi       = {10.1007/978-3-662-43414-7_10},
  note      = {See also: \url{https://eprint.iacr.org/2013/695}},
}


@misc{CAESAR,
  author       = {{CAESAR Committee}},
  comment      = {Steve Babbage and
                  Daniel J. Bernstein and
                  Alex Biryukov and
                  Anne Canteaut and
                  Carlos Cid and
                  Joan Daemen and
                  Orr Dunkelman and
                  Henri Gilbert and
                  Tetsu Iwata and
                  Stefan Lucks and
                  Willi Meier and
                  Bart Preneel and
                  Vincent Rijmen and
                  Matt Robshaw and
                  Phillip Rogaway and
                  Greg Rose and
                  Serge Vaudenay and
                  Hongjun Wu},
  title        = {{CAESAR}: Competition for Authenticated Encryption: {Security}, Applicability, and Robustness. {Call} for Submissions},
  year         = {2013},
  url          = {http://competitions.cr.yp.to/caesar-call.html}
}

@misc{cryptoeprint:2017:1137,
  author       = {Daniel Kales and Maria Eichlseder and Florian Mendel},
  title        = {Note on the Robustness of {CAESAR} Candidates},
  howpublished = {IACR Cryptology ePrint Archive, Report 2017/1137},
  year         = {2017},
  note         = {\url{https://eprint.iacr.org/2017/1137}},
}

@misc{cryptoeprint:2017:1147,
  author       = {Serge Vaudenay and Damian Viz\'{a}r},
  title        = {Under Pressure: Security of {CAESAR} Candidates beyond their Guarantees},
  howpublished = {Cryptology ePrint Archive, Report 2017/1147},
  year         = {2017},
  note         = {\url{https://eprint.iacr.org/2017/1147}},
}

@inproceedings{sacryptMinaud14,
  author       = {Brice Minaud},
  editor       = {Antoine Joux and
                  Amr M. Youssef},
  title        = {Linear Biases in {AEGIS} Keystream},
  booktitle    = {Selected Areas in Cryptography -- {SAC} 2014},
  series       = {LNCS},
  volume       = {8781},
  pages        = {290--305},
  publisher    = {Springer},
  year         = {2014},
  doi          = {10.1007/978-3-319-13051-4_18},
  note         = {See also: \url{https://eprint.iacr.org/2018/292}}
}

@inproceedings{eurocryptMatsuiY92,
  author    = {Mitsuru Matsui and
               Atsuhiro Yamagishi},
  editor    = {Rainer A. Rueppel},
  title     = {A New Method for Known Plaintext Attack of {FEAL} Cipher},
  booktitle = {Advances in Cryptology -- {EUROCRYPT} 1992},
  series    = {LNCS},
  volume    = {658},
  pages     = {81--91},
  publisher = {Springer},
  year      = {1992},
  doi       = {10.1007/3-540-47555-9_7},
}

@inproceedings{eurocryptMatsui93,
  author       = {Mitsuru Matsui},
  title        = {Linear Cryptanalysis Method for {DES} Cipher},
  editor       = {Tor Helleseth},
  booktitle    = {Advances in Cryptology -- EUROCRYPT 1993},
  series       = {LNCS},
  volume       = {765},
  pages        = {386--397},
  publisher    = {Springer},
  year         = {1993},
  doi          = {10.1007/3-540-48285-7_33}
}

@inproceedings{secryptDwivediMW17,
  author    = {Ashutosh Dhar Dwivedi and
               Pawel Morawiecki and
               Sebastian W{\'{o}}jtowicz},
  editor    = {Pierangela Samarati and
               Mohammad S. Obaidat and
               Enrique Cabello},
  title     = {Differential and Rotational Cryptanalysis of Round-reduced {MORUS}},
  booktitle = {E-Business and Telecommunications -- ICETE/SECRYPT 2017},
  pages     = {275--284},
  publisher = {SciTePress},
  year      = {2017},
  doi       = {10.5220/0006411502750284},
}

@misc{cryptoeprint:2016:1053,
  author       = {Ashutosh Dhar Dwivedi and Milo\v{s} Klou\v{c}ek and Pawel Morawiecki and Ivica Nikoli{\'c} and Josef Pieprzyk and Sebastian W{\'o}jtowicz },
  title        = {{SAT}-based Cryptanalysis of Authenticated Ciphers from the {CAESAR} Competition},
  howpublished = {Cryptology ePrint Archive, Report 2016/1053},
  year         = {2016},
  note         = {\url{https://eprint.iacr.org/2016/1053}},
}

@inproceedings{trustcomSalamSBDPW17,
  author    = {Md. Iftekhar Salam and
               Leonie Simpson and
               Harry Bartlett and
               Ed Dawson and
               Josef Pieprzyk and
               Kenneth Koon{-}Ho Wong},
  title     = {Investigating Cube Attacks on the Authenticated Encryption Stream Cipher {MORUS}},
  booktitle = {{IEEE} Trustcom/BigDataSE/ICESS 2017},
  pages     = {961--966},
  publisher = {{IEEE}},
  year      = {2017},
  doi       = {10.1109/Trustcom/BigDataSE/ICESS.2017.337},
}

@inproceedings{balkancryptsecMilevaDV15,
  author    = {Aleksandra Mileva and
               Vesna Dimitrova and
               Vesselin Velichkov},
  editor    = {Enes Pasalic and
               Lars R. Knudsen},
  title     = {Analysis of the Authenticated Cipher {MORUS} (v1)},
  booktitle = {Cryptography and Information Security in the Balkans -- BalkanCryptSec 2015},
  series    = {LNCS},
  volume    = {9540},
  pages     = {45--59},
  publisher = {Springer},
  year      = {2015},
  doi       = {10.1007/978-3-319-29172-7_4},
}

@article{duong2011here,
  title={Here Come The $\oplus$ Ninjas},
  author={Duong, Thai and Rizzo, Juliano},
  year={2011},
  publisher={Ekoparty}
}

@inproceedings{DBLP:conf/uss/AlFardanBPPS13,
  author    = {Nadhem J. AlFardan and
               Daniel J. Bernstein and
               Kenneth G. Paterson and
               Bertram Poettering and
               Jacob C. N. Schuldt},
  title     = {On the Security of {RC4} in {TLS}},
  booktitle = {{USENIX} Security Symposium 2013},
  pages     = {305--320},
  publisher = {{USENIX} Association},
  year      = {2013}
}

@inproceedings{DBLP:conf/fse/MantinS01,
  author    = {Itsik Mantin and
               Adi Shamir},
  title     = {A Practical Attack on Broadcast {RC4}},
  booktitle = {Fast Software Encryption -- {FSE} 2001},
  series    = {LNCS},
  volume    = {2355},
  pages     = {152--164},
  publisher = {Springer},
  year      = {2001}
}

@inproceedings{indocryptMcGrewV04,
  author       = {David A. McGrew and
                  John Viega},
  editor       = {Anne Canteaut and
                  Kapalee Viswanathan},
  title        = {The Security and Performance of the {Galois/Counter Mode} {(GCM)} of
                  Operation},
  booktitle    = {Progress in Cryptology -- {INDOCRYPT} 2004},
  series       = {LNCS},
  volume       = {3348},
  pages        = {343--355},
  publisher    = {Springer},
  year         = {2004},
  doi          = {10.1007/978-3-540-30556-9_27},
  note         = {See also: \url{https://eprint.iacr.org/2004/193}},
}

@misc{nistDworkin07,
  author       = {Morris J. Dworkin},
  title        = {{NIST} {SP 800-38D}: {Recommendation} for Block Cipher Modes of Operation: {Galois/Counter Mode} ({GCM}) and {GMAC}},
  year         = {2007},
  howpublished = {National Institute of Standards and Technology (NIST) Special Publication (SP)},
  note         = {\url{https://www.nist.gov/node/562956}},
  doi          = {10.6028/NIST.SP.800-38D},
}

@inproceedings{DBLP:conf/indocrypt/AshurR16,
  author    = {Tomer Ashur and
               Vincent Rijmen},
  title     = {On Linear Hulls and Trails},
  booktitle = {Progress in Cryptology -- {INDOCRYPT} 2016},
  pages     = {269--286},
  year      = {2016},
  doi       = {10.1007/978-3-319-49890-4_15},
  editor    = {Orr Dunkelman and
               Somitra Kumar Sanadhya},
  series    = {LNCS},
  volume    = {10095},
}

@article{cryptographySalamSBDW18,
  author       = {Iftekhar Salam and Leonie Simpson and Harry Bartlett and Ed Dawson and Kenneth Koon-Ho Wong},
  title        = {Fault Attacks on the Authenticated Encryption Stream Cipher {MORUS}},
  journal      = {Cryptography},
  volume       = {2}, 
  number       = {1},
  year         = {2018},
  pages        = {4},
  doi          = {https://doi.org/10.3390/cryptography2010004},
}

@inproceedings{aiieShiGLZ16,
  author       = {Tairong Shi and Jie Guan and Junzhi Li and Pei Zhang},
  title        = {Improved Collision Cryptanalysis of Authenticated Cipher MORUS},
  booktitle    = {Artificial Intelligence and Industrial Engineering -- AIIE 2016},
  series       = {Advances in Intelligent Systems Research},
  volume       = {133},
  pages        = {429--432},
  publisher    = {Atlantis Press},
  year         = {2016},
}
