@misc{MORUS,
  title        = {The Authenticated Cipher {MORUS} (v2)},
  author       = {Hongjun Wu and Tao Huang},
  howpublished = {Submission to CAESAR: Competition for Authenticated Encryption. Security, Applicability, and Robustness (Round 3 and Finalist)},
  year         = {2016},
  month        = {September},
  note         = {\url{http://competitions.cr.yp.to/round3/morusv2.pdf}}
}

@misc{AEGIS,
  title        = {{AEGIS}: {A} Fast Authenticated Encryption Algorithm (v1.1)},
  author       = {Hongjun Wu and Bart Preneel},
  howpublished = {Submission to CAESAR: Competition for Authenticated Encryption. Security, Applicability, and Robustness (Round 3 and Finalist)},
  year         = {2016},
  month        = {September},
  note         = {\url{http://competitions.cr.yp.to/round3/aegisv11.pdf}}
}

@inproceedings{sacryptWuP13,
  author    = {Hongjun Wu and
               Bart Preneel},
  editor    = {Tanja Lange and
               Kristin E. Lauter and
               Petr Lisonek},
  title     = {{AEGIS}: {A} Fast Authenticated Encryption Algorithm},
  booktitle = {Selected Areas in Cryptography -- {SAC} 2013},
  series    = {LNCS},
  volume    = {8282},
  pages     = {185--201},
  publisher = {Springer},
  year      = {2013},
  doi       = {10.1007/978-3-662-43414-7_10},
  note      = {See also: \url{https://eprint.iacr.org/2013/695}},
}

@inproceedings{sacryptMinaud14,
  author       = {Brice Minaud},
  editor       = {Antoine Joux and
                  Amr M. Youssef},
  title        = {Linear Biases in {AEGIS} Keystream},
  booktitle    = {Selected Areas in Cryptography -- {SAC} 2014},
  series       = {LNCS},
  volume       = {8781},
  pages        = {290--305},
  publisher    = {Springer},
  year         = {2014},
  doi          = {10.1007/978-3-319-13051-4_18},
  note         = {See also: \url{https://eprint.iacr.org/2018/292}}
}
